<record><leader>00000cas a2200000 a 4500</leader><controlfield tag="001">9408079</controlfield><controlfield tag="008">830414d18371840ohuwr ne      0    0eng c</controlfield><datafield ind1=" " ind2=" " tag="010"><subfield code="a">sn 83035066 </subfield></datafield><datafield ind1=" " ind2=" " tag="040"><subfield code="a">NPY</subfield><subfield code="b">eng</subfield><subfield code="c">NPY</subfield><subfield code="d">NPX</subfield><subfield code="d">UNP</subfield><subfield code="d">ONP</subfield><subfield code="d">KNP</subfield><subfield code="d">ONP</subfield><subfield code="d">OCL</subfield><subfield code="d">CUI</subfield><subfield code="d">CUS</subfield><subfield code="d">OCLCQ</subfield><subfield code="d">OCLCA</subfield><subfield code="d">OCLCF</subfield></datafield><datafield ind1="1" ind2=" " tag="029"><subfield code="a">AU@</subfield><subfield code="b">000020128111</subfield></datafield><datafield ind1=" " ind2=" " tag="042"><subfield code="a">pcc</subfield></datafield><datafield ind1=" " ind2=" " tag="043"><subfield code="a">n-us-oh</subfield></datafield><datafield ind1="1" ind2="4" tag="050"><subfield code="a">BX8901</subfield></datafield><datafield ind1="0" ind2=" " tag="130"><subfield code="a">Cleveland observer (Cleveland, Ohio : 1837)</subfield></datafield><datafield ind1="1" ind2="4" tag="245"><subfield code="a">The Cleveland observer.</subfield></datafield><datafield ind1=" " ind2=" " tag="260"><subfield code="a">Cleveland [Ohio] :</subfield><subfield code="b">Ansel R. Clark &amp; Co.,</subfield><subfield code="c">1837-1840.</subfield></datafield><datafield ind1=" " ind2=" " tag="300"><subfield code="a">v.</subfield></datafield><datafield ind1=" " ind2=" " tag="310"><subfield code="a">Weekly</subfield></datafield><datafield ind1="0" ind2=" " tag="362"><subfield code="a">Vol. 11, no. 28 (Sept. 28, 1837)-v. 13, no. 42 [i.e. 44] (Apr. 1, 1840) = whole no. 523-whole no. 643.</subfield></datafield><datafield ind1=" " ind2=" " tag="500"><subfield code="a">"Presbyterian."</subfield></datafield><datafield ind1=" " ind2=" " tag="515"><subfield code="a">Suspended Nov. 1, 1838-Jan. 9, 1839.</subfield></datafield><datafield ind1=" " ind2="0" tag="650"><subfield code="a">Presbyterian Church</subfield><subfield code="v">Newspapers.</subfield></datafield><datafield ind1=" " ind2="0" tag="651"><subfield code="a">Cleveland (Ohio)</subfield><subfield code="v">Newspapers.</subfield></datafield><datafield ind1=" " ind2="0" tag="651"><subfield code="a">Cuyahoga County (Ohio)</subfield><subfield code="v">Newspapers.</subfield></datafield><datafield ind1=" " ind2="7" tag="655"><subfield code="a">Newspapers.</subfield><subfield code="2">fast</subfield><subfield code="0">(OCoLC)fst01423814</subfield></datafield><datafield ind1=" " ind2="7" tag="650"><subfield code="a">Presbyterian Church.</subfield><subfield code="2">fast</subfield><subfield code="0">(OCoLC)fst01075515</subfield></datafield><datafield ind1=" " ind2="7" tag="651"><subfield code="a">Ohio</subfield><subfield code="z">Cleveland.</subfield><subfield code="2">fast</subfield><subfield code="0">(OCoLC)fst01205966</subfield></datafield><datafield ind1=" " ind2="7" tag="651"><subfield code="a">Ohio</subfield><subfield code="z">Cuyahoga County.</subfield><subfield code="2">fast</subfield><subfield code="0">(OCoLC)fst01202752</subfield></datafield><datafield ind1=" " ind2=" " tag="752"><subfield code="a">United States</subfield><subfield code="b">Ohio</subfield><subfield code="c">Cuyahoga</subfield><subfield code="d">Cleveland.</subfield></datafield><datafield ind1="0" ind2="8" tag="776"><subfield code="t">Cleveland observer (Cleveland, Ohio : 1837)</subfield><subfield code="w">(OCoLC)665864144</subfield></datafield><datafield ind1="0" ind2="4" tag="780"><subfield code="t">Ohio observer (Hudson, Ohio : 1833)</subfield><subfield code="w">(DLC)sn 83035017</subfield><subfield code="w">(OCoLC)9334340</subfield></datafield><datafield ind1="0" ind2="4" tag="780"><subfield code="t">Cleveland journal (Cleveland, Ohio : 1837)</subfield><subfield code="w">(DLC)sn 83035018</subfield><subfield code="w">(OCoLC)9367922</subfield></datafield><datafield ind1="0" ind2="0" tag="785"><subfield code="t">Ohio observer (Hudson, Ohio : 1840)</subfield><subfield code="w">(DLC)sn 83035067</subfield><subfield code="w">(OCoLC)9429980</subfield></datafield></record>